<?xml version="1.0" encoding="UTF-8"?><collection xmlns="http://www.loc.gov/MARC21/slim"><record><leader>00500nam--2200181-i-4500</leader><controlfield tag="001">000018724</controlfield><controlfield tag="002">20161230</controlfield><controlfield tag="005">20161230201032</controlfield><controlfield tag="008">060222s1000------------r-----000-0-eng-d</controlfield><datafield ind1=" " ind2=" " tag="040"><subfield code="a">IFIN-HH</subfield></datafield><datafield ind1=" " ind2=" " tag="080"><subfield code="a">543.426</subfield></datafield><datafield ind1="1" ind2=" " tag="100"><subfield code="a">Nairn, R.C</subfield></datafield><datafield ind1="1" ind2="0" tag="245"><subfield code="a">Fluorecent protein tracing</subfield><subfield code="b">With a foreword by marrack j.r</subfield><subfield code="c">R.c. nairn (ed.)</subfield></datafield><datafield ind1=" " ind2=" " tag="250"><subfield code="a">Second Edition</subfield></datafield><datafield ind1=" " ind2=" " tag="260"><subfield code="a">Edinburgh</subfield><subfield code="b">E. &amp; S.Livingstone, Ltd</subfield><subfield code="c">1964</subfield></datafield><datafield ind1=" " ind2=" " tag="300"><subfield code="a">XV + 335 P</subfield></datafield><datafield ind1=" " ind2=" " tag="852"><subfield code="a">21313</subfield><subfield code="c">535.37</subfield></datafield><datafield ind1=" " ind2=" " tag="CAT"><subfield code="a">Sys</subfield><subfield code="c">20110413</subfield><subfield code="h">145403</subfield></datafield></record></collection>